<?xml version="1.0" encoding="UTF-8"?><collection xmlns="http://www.loc.gov/MARC21/slim"><record><leader>00305nam--2200121-i-4500</leader><controlfield tag="001">000038500</controlfield><controlfield tag="002">20161230</controlfield><controlfield tag="005">20161230201041</controlfield><controlfield tag="008">060222s1000------------r-----000-0-eng-d</controlfield><datafield ind1=" " ind2=" " tag="100"><subfield code="a">Reed, R.I</subfield></datafield><datafield ind1=" " ind2=" " tag="245"><subfield code="a">Ion production by electron impact</subfield></datafield><datafield ind1=" " ind2=" " tag="260"><subfield code="a">London, Academic Press, 1962. Xii + 242 P</subfield></datafield><datafield ind1=" " ind2=" " tag="852"><subfield code="a">18278</subfield></datafield></record></collection>